%% LaTeX2e file `Sources_uncertainty.bib'
%% generated by the `filecontents' environment
%% from source `Sources_of_performance_metric_uncertainty' on 2021/11/10.
%%
@article{roda2020difficult,
  title={Why is it difficult to accurately predict the COVID-19 epidemic?},
  author={Roda, Weston C and Varughese, Marie B and Han, Donglin and Li, Michael Y},
  journal={Infectious Disease Modelling},
  volume={5},
  pages={271--281},
  year={2020},
  publisher={Elsevier}
}
@article{d2020underspecification,
  title={Underspecification presents challenges for credibility in modern machine learning},
  author={D'Amour, Alexander and Heller, Katherine and Moldovan, Dan and Adlam, Ben and Alipanahi, Babak and Beutel, Alex and Chen, Christina and Deaton, Jonathan and Eisenstein, Jacob and Hoffman, Matthew D and others},
  journal={arXiv preprint arXiv:2011.03395},
  year={2020}
}
