@article{efron1983estimating,
  title={Estimating the error rate of a prediction rule: improvement on cross-validation},
  author={Efron, Bradley},
  journal={Journal of the American statistical association},
  volume={78},
  number={382},
  pages={316--331},
  year={1983},
  publisher={Taylor \& Francis}
}

@article{efron1997improvements,
  title={Improvements on cross-validation: the 632+ bootstrap method},
  author={Efron, Bradley and Tibshirani, Robert},
  journal={Journal of the American Statistical Association},
  volume={92},
  number={438},
  pages={548--560},
  year={1997},
  publisher={Taylor \& Francis}
}

@inproceedings{goutte2005probabilistic,
  title={A probabilistic interpretation of precision, recall and F-score, with implication for evaluation},
  author={Goutte, Cyril and Gaussier, Eric},
  booktitle={European conference on information retrieval},
  pages={345--359},
  year={2005},
  organization={Springer}
}

@article{totsch2021classifier,
  title={Classifier uncertainty: evidence, potential impact, and probabilistic treatment},
  author={T{\"o}tsch, Niklas and Hoffmann, Daniel},
  journal={PeerJ Computer Science},
  volume={7},
  pages={e398},
  year={2021},
  publisher={PeerJ Inc.}
}

