@inproceedings{bouthillier2021,
 author = {Bouthillier, Xavier and Delaunay, Pierre and Bronzi, Mirko and Trofimov, Assya and Nichyporuk, Brennan and Szeto, Justin and Mohammadi Sepahvand, Nazanin and Raff, Edward and Madan, Kanika and Voleti, Vikram and Ebrahimi Kahou, Samira and Michalski, Vincent and Arbel, Tal and Pal, Chris and Varoquaux, Gael and Vincent, Pascal},
 booktitle = {Proceedings of Machine Learning and Systems},
 editor = {A. Smola and A. Dimakis and I. Stoica},
 pages = {747--769},
 title = {Accounting for Variance in Machine Learning Benchmarks},
 url = {https://proceedings.mlsys.org/paper/2021/file/cfecdb276f634854f3ef915e2e980c31-Paper.pdf},
 volume = {3},
 year = {2021}
}

@article{caelen2017,
  title={A Bayesian interpretation of the confusion matrix},
  author={Caelen, Olivier},
  journal={Annals of Mathematics and Artificial Intelligence},
  volume={81},
  number={3},
  pages={429--450},
  year={2017},
  publisher={Springer}
}

@article{bates2021,
  title={Cross-validation: what does it estimate and how well does it do it?},
  author={Bates, Stephen and Hastie, Trevor and Tibshirani, Robert},
  journal={arXiv preprint arXiv:2104.00673},
  year={2021}
}
@article{totsch2021,
  title={Classifier uncertainty: evidence, potential impact, and probabilistic treatment},
  author={T{\"o}tsch, Niklas and Hoffmann, Daniel},
  journal={PeerJ Computer Science},
  volume={7},
  pages={e398},
  year={2021},
  publisher={PeerJ Inc.}
}
